%% This BibTeX bibliography file was created using BibDesk.
%% http://bibdesk.sourceforge.net/


%% Created for Ann Wang at 2014-07-08 15:29:42 -0700 


%% Saved with string encoding Unicode (UTF-8) 



@article{riess_sn,
	Author = {Riess, Adam G. and others},
	Journal = {The Astronomical Journal},
	Pages = {1009-1038},
	Title = {Observational Evidence from Supernovae for an Accelerating Universe and a Cosmological Constant},
	Volume = {116},
	Issue = {3},
	Year = {1998}}
@article{c11,
	Author = {Conley, A. and others},
	Journal = {The Astrophysical Journal Supplementl},
	Pages = {1},
	Title = {Supernova Constraints and Systematic Uncertainties from the First 3 Years of the Supernova Legacy Survey},
	Volume = {192},
	Year = {2011}}
	
@article{shocker,
	Author = {Nielson, J.T. and Guffanti, A. and Sarkar, S.},
	Journal = {Nature Scientific Reports},
	Title = {Marginal evidence for cosmic acceleration from Type Ia supernovae},
	Volume = {6},
	Number = {35596},
	Year = {2016}}
	
@article{sdss,
	Author = {Betoule, M. and others},
	Journal = {arXiv:1401.4064v2},
	Title = {Improved cosmological constraints from a joint analysis of the SDSS-II and SNLS supernova samples},
	Volume = {},
	Number = {},
	Year = {2014}}
@article{salt2,
	Author = {Guy, J. and others},
	Journal = {Astronomy \& Astrophysics},
	Title = {SALT2: Using distant supernovae to improve the use of Type Ia supernovae as distance indicators},
	Volume = {443},
	Pages = {781},
	Year = {2007}}
	
@article{fits,
	Author = {Hanisch, R.J. and others},
	Journal = {Astronomy \& Astrophysics},
	Title = {Definition of the Flexible Image Transport System (FITS)},
	Volume = {376},
	Pages = {359},
	Year = {2001}}